% -------------------------------------------------------------
@article{elliott2012software,
  title={Software requirements elicitation, verification, and documentation: an ontology based approach},
  author={Elliott, Robert A},
  year={2012}
}
% -------------------------------------------------------------
@article{westfall_5w2h,
author = {Westfall, Linda},
year = {2014},
month = {01},
pages = {1-18},
title = {Software Requirements Engineering: What, Why, Who, When, and How},
doi = {10.4018/978-1-4666-6026-7.ch001}
}
% -------------------------------------------------------------
@book{brooks1995mythical,
  title={The mythical man-month : essays on software engineering},
  author={Brooks, Frederick P.},
  isbn={0201835959},
  year={1995},
  publisher={Pearson Education},
  edition={Anniversary Edition}
}
% -------------------------------------------------------------
@inproceedings{nuseibeh2000requirements,
  title={Requirements engineering: a roadmap},
  author={Nuseibeh, Bashar and Easterbrook, Steve},
  booktitle={Proceedings of the Conference on the Future of Software Engineering},
  pages={35--46},
  year={2000}
}
% -------------------------------------------------------------
@article{sayao2006rastreabilidade,
  title={Rastreabilidade de requisitos},
  author={Say{\~a}o, Miriam and do Prado Leite, Julio Cesar Sampaio},
  journal={RITA},
  volume={13},
  number={1},
  pages={57--86},
  year={2006}
}
% -------------------------------------------------------------
@article{king2008cost,
  title={What is the cost of a requirement error},
  author={King, Tom and Marasco, Joe},
  journal={StickyMinds www. stickyminds. com/sitewide. asp},
  year={2008}
}
% -------------------------------------------------------------
@inproceedings{LodonFiasco,
  title={London Ambulance Service Software Failure},
  author={Mukhtar Adamu and Abdulhameed Alkazmi and Abdulmajeed Alsufyani and Bedour Al Shaigy and Dominic Chapman and Julian Chappell},
  year={2010}
}
% -------------------------------------------------------------
@article{10.1145/274430.274434,
author = {Monk, Andrew and Howard, Steve},
title = {Methods & Tools: The Rich Picture: A Tool for Reasoning about Work Context},
year = {1998},
issue_date = {March/April 1998},
publisher = {Association for Computing Machinery},
address = {New York, NY, USA},
volume = {5},
number = {2},
issn = {1072-5520},
url = {https://doi.org/10.1145/274430.274434},
doi = {10.1145/274430.274434},
journal = {Interactions},
month = {mar},
pages = {21–30},
numpages = {10}
}
% -------------------------------------------------------------
@inproceedings{mazzotti2012exploraccao,
  title={A explora{\c{c}}{\~a}o da criatividade, atrav{\'e}s do uso da t{\'e}cnica de brainstorming, adaptada ao processo de cria{\c{c}}{\~a}o em moda},
  author={MAZZOTTI, Karla and BROEGA, Ana Cristina and GOMES, LV},
  booktitle={Anais do 1{\textordmasculine} Congresso Internacional de Moda e Design CIMODE, Guimar{\~a}es (PT), Universidade do Minho},
  year={2012}
}
% -------------------------------------------------------------
@article{rabuskeuso,
  title={O USO DAS FERRAMENTAS BRAINSTORMING E 5W2H NO PLANEJAMENTO DE COMBATE A INC{\^E}NDIO EM IND{\'U}STRIAS DE TABACO},
  author={RABUSKE, FRANCINI BETINA},
  year={2016}
}
% -------------------------------------------------------------
@article{faria2016uso,
  title={O uso das t{\'e}cnicas de levantamento de requisitos no mercado atual},
  author={Faria, Afro Netto Nunes},
  year={2016},
  publisher={Universidade Tecnol{\'o}gica Federal do Paran{\'a}}
}
% -------------------------------------------------------------
@book{kendall1992systems,
  title={Systems analysis and design},
  author={Kendall, Kenneth E and Kendall, Julie E},
  year={1992},
  publisher={Prentice-Hall, Inc.}
}
% -------------------------------------------------------------
@inproceedings{batista2003taxonomia,
  title={Uma Taxonomia Facetada para T{\'e}cnicas de Elicita{\c{c}}{\~a}o de Requisitos.},
  author={Batista, Edinelson Aparecido and Carvalho, Ariadne Maria Brito Rizzoni},
  booktitle={WER},
  pages={48--62},
  year={2003}
}
% -------------------------------------------------------------
@book{Sommerville10,
  added-at = {2017-05-14T14:19:12.000+0200},
  address = {Harlow, England},
  author = {Sommerville, Ian},
  biburl = {https://www.bibsonomy.org/bibtex/2094b37a4bb8b242d7694cdc9142e0d80/flint63},
  edition = 9,
  file = {eBook:2010/Sommerville10.pdf:PDF;Amazon Search inside:http\://www.amazon.de/gp/reader/0137035152/:URL},
  groups = {public},
  interhash = {3cb472cdd9d5e4f37480b38846de450e},
  intrahash = {094b37a4bb8b242d7694cdc9142e0d80},
  isbn = {978-0-13-703515-1},
  keywords = {01841 105 book shelf software engineering development intro},
  publisher = {Addison-Wesley},
  timestamp = {2018-04-16T12:01:54.000+0200},
  title = {Software Engineering},
  username = {flint63},
  year = 2010
}
% -------------------------------------------------------------
@inproceedings{goguen1993techniques,
  title={Techniques for requirements elicitation},
  author={Goguen, Joseph A and Linde, Charlotte},
  booktitle={[1993] Proceedings of the IEEE International Symposium on Requirements Engineering},
  pages={152--164},
  year={1993},
  organization={IEEE}
}
% -------------------------------------------------------------
@inproceedings{belgamo2000estudo,
  title={Estudo comparativo sobre as t{\'e}cnicas de elicita{\c{c}}{\~a}o de requisitos do software},
  author={Belgamo, Anderson and Martins, Luiz Eduardo Galv{\~a}o},
  booktitle={XX Congresso Brasileiro da Sociedade Brasileira de Computa{\c{c}}{\~a}o (SBC), Curitiba--Paran{\'a}},
  year={2000}
}
% -------------------------------------------------------------
@inproceedings{leite1993strategy,
  title={A strategy for conceptual model acquisition},
  author={Leite, JCS do P and Franco, Ana Paula M},
  booktitle={[1993] Proceedings of the IEEE International Symposium on Requirements Engineering},
  pages={243--246},
  year={1993},
  organization={IEEE}
}
% -------------------------------------------------------------
@book{carolipaulo2021,
  title={Product Backlog Building},
  author={Caroli, Paulo},
  isbn={},
  url={},
  year={2021},
  edition={1},
  publisher={Caroli}
}
% -------------------------------------------------------------
@article{coutoproposta,
  title={UMA PROPOSTA DE VALIDA{\c{C}}{\~A}O DE REQUISITOS N{\~A}O FUNCIONAIS UTILIZANDO O NFR-FRAMEWORK.},
  author={COUTO, ANSELMO DE ARAUJO and MARTINS, LUIZ EDUARDO GALV{\~A}O},
  year={2008}
}
% -------------------------------------------------------------
@book{chung2012non,
  title={Non-functional requirements in software engineering},
  author={Chung, Lawrence and Nixon, Brian A and Yu, Eric and Mylopoulos, John},
  volume={5},
  year={2012},
  publisher={Springer Science \& Business Media}
}
% -------------------------------------------------------------
@book{carolipaulo2018,
  title={Lean Inception: Como alinhar pessoas e construir o produto certo},
  author={Caroli, Paulo},
  isbn={},
  url={},
  year={2018},
  edition={1},
  publisher={Caroli}
}
% -------------------------------------------------------------
@article{bastosjunior,
  title={ELICITA{\c{C}}{\~A}O DE REQUISITOS DE SOFTWARE ATRAV{\´E}S DA UTILIZA{\c{C}}{\~A}O DE QUESTION{\´A}RIOS.},
  author={PAULO ROBERTO DE OLIVEIRA BASTOS JUNIOR},
  year={2005}
}
% -------------------------------------------------------------
@book{Kleinberg+Tardos:06a,
  added-at = {2009-03-18T13:40:43.000+0100},
  author = {Kleinberg, Jon and Tardos, \'Eva},
  biburl = {https://www.bibsonomy.org/bibtex/21f85484640a0cdcea4a1fbdd6bbc281d/om},
  interhash = {f4e0ffcd4e9b25e3ec4b305e12785cae},
  intrahash = {1f85484640a0cdcea4a1fbdd6bbc281d},
  keywords = {analysis mining opinion sentiment},
  publisher = {Addison Wesley},
  timestamp = {2009-03-18T13:41:48.000+0100},
  title = {Algorithm Design},
  year = 2006
}
% -------------------------------------------------------------
@book{even2011graph,
  title={Graph Algorithms},
  author={Even, S. and Even, G.},
  isbn={9781139504157},
  url={https://books.google.com.br/books?id=m3QTSMYm5rkC},
  year={2011},
  publisher={Cambridge University Press}
}
% -------------------------------------------------------------
@incollection{pinheiro2004requirements,
  title={Requirements traceability},
  author={Pinheiro, Francisco AC},
  booktitle={Perspectives on software requirements},
  pages={91--113},
  year={2004},
  publisher={Springer}
}
% -------------------------------------------------------------
@article{Howard_1, place={Australia}, title={Using QFD to Tame Wicked Information System’s Requirements}, volume={7}, url={https://journal.acs.org.au/index.php/ajis/article/view/285}, DOI={10.3127/ajis.v7i1.285}, abstractNote={This paper argues that information system’s requirements can be in tension with both themselves and the context to which they apply. The tensions act as limiters on our ability to deliver effective information systems. In the paper we describe examples of such limiters. The paper then presents a response to this problem in the form of Quality Function Deployment and calls for a more systems oriented view of information systems development, which though not capable of removing the ceiling, is capable, in principle, of engineering best compromises. A case study is used to illustrate the application of QFD to the specification of information system’s requirements.}, number={1}, journal={Australasian Journal of Information Systems}, author={Howard, Steve}, year={1}, month={1} }
}
% -------------------------------------------------------------
@INPROCEEDINGS{storytelling,  author={Boulila, Naoufel and Hoffmann, Anne and Herrmann, Andrea},  booktitle={2011 Fourth International Workshop on Multimedia and Enjoyable Requirements Engineering (MERE'11)},   title={Using Storytelling to record requirements: Elements for an effective requirements elicitation approach},   year={2011},  volume={},  number={},  pages={9-16},  doi={10.1109/MERE.2011.6043945}}
% -------------------------------------------------------------
@inproceedings{verification,
 author = {Luís Felipe Silva and Wladmir Chapetta and Guilherme Travassos},
 title = {Inspeções de Requisitos de Software Utilizando PBR e Apoio Ferramental},
 booktitle = {Anais do III Simpósio Brasileiro de Qualidade de Software},
 location = {Brasília},
 year = {2004},
 keywords = {},
 issn = {0000-0000},
 pages = {88--101},
 publisher = {SBC},
 address = {Porto Alegre, RS, Brasil},
 doi = {10.5753/sbqs.2004.16186},
 url = {https://sol.sbc.org.br/index.php/sbqs/article/view/16186}
}

@misc{reactjs,
  author = {Open Source Facebook},
  title = {ReactJS (versão 17.0.2)},
  year  = {2022},
  url   = {https://reactjs.org/},
}

@misc{nodejs,
  author = {Open Foundation JS},
  title = {NodeJS (versão 16.14.12)},
  year  = {2022},
  url   = {https://nodejs.org},
}

@misc{github,
  author = {Microsoft},
  title = {GitHub},
  year  = {2022},
  url   = {https://github.com},
}

@misc{git,
  author = {Linus Torvalds and Junio Hamano},
  title = {Git (versão 2.35.1)},
  year  = {2022},
  url   = {https://git-scm.com/},
}

@misc{docker,
  author = {Inc. Docker},
  title = {Docker (versão 4.5)},
  year  = {2022},
  url   = {https://www.docker.com},
}

@misc{docker-compose,
  author = {Inc. Docker},
  title = {Docker Compose(versão 1.29.2)},
  year  = {2022},
  url   = {https://docs.docker.com/compose/},
}

@misc{trello,
  author = {Atlassian},
  title = {Trello},
  year  = {2022},
  url   = {https://trello.com/pt-BR},
}

@misc{drive,
  author = {Google},
  title = {Google Drive},
  year  = {2022},
  url   = {https://www.google.com/intl/pt-PT/drive/},
}

@misc{latex,
  author = {Leslie Lamport},
  title = {LaTeX},
  year  = {2022},
  url   = {https://www.latex-project.org},
}

@misc{overleaf,
  author = {Moulton, Ryan},
  title = {Overleaf},
  year  = {2022},
  url   = {https://www.overleaf.com/for/authors},
}

@misc{discord,
  author = {Inc. Discord},
  title = {Discord},
  year  = {2022},
  url   = {https://discord.com/},
}

@misc{telegram,
  author = {Nikolai Durov and Pavel Durov},
  title = {Telegram},
  year  = {2022},
  url   = {https://telegram.org/},
}

@misc{javascript,
  author = {Brendan Eich},
  title = {JavaScript (versão ES6)},
  year  = {2022},
  url   = {https://www.javascript.com/},
}

@misc{notion,
  author = {Notion Labs},
  title = {Notion},
  year  = {2022},
  url   = {https://www.notion.so},
}